@inproceedings{badale2018deep,
  title={Deep fake detection using neural networks},
  author={Badale, Anuj and Castelino, Lionel and Darekar, Chaitanya and Gomes, Joanne},
  booktitle={15th IEEE international conference on advanced video and signal based surveillance (AVSS)},
  year={2018}
}
@inproceedings{yang2019exposing,
  title={Exposing deep fakes using inconsistent head poses},
  author={Yang, Xin and Li, Yuezun and Lyu, Siwei},
  booktitle={ICASSP 2019-2019 IEEE International Conference on Acoustics, Speech and Signal Processing (ICASSP)},
  pages={8261--8265},
  year={2019},
  organization={IEEE}
}

@inproceedings{yadav2019deepfake,
  title={Deepfake: A survey on facial forgery technique using generative adversarial network},
  author={Yadav, Digvijay and Salmani, Sakina},
  booktitle={2019 International conference on intelligent computing and control systems (ICCS)},
  pages={852--857},
  year={2019},
  organization={IEEE}
}

@misc{goodfellow2014generative,
      title={Generative Adversarial Networks}, 
      author={Ian J. Goodfellow and Jean Pouget-Abadie and Mehdi Mirza and Bing Xu and David Warde-Farley and Sherjil Ozair and Aaron Courville and Yoshua Bengio},
      year={2014},
      eprint={1406.2661},
      archivePrefix={arXiv},
      primaryClass={stat.ML}
}

@article{DBLP:journals/corr/HeZRS15,
  author       = {Kaiming He and
                  Xiangyu Zhang and
                  Shaoqing Ren and
                  Jian Sun},
  title        = {Deep Residual Learning for Image Recognition},
  journal      = {CoRR},
  volume       = {abs/1512.03385},
  year         = {2015},
  url          = {http://arxiv.org/abs/1512.03385},
  eprinttype    = {arXiv},
  eprint       = {1512.03385},
  timestamp    = {Wed, 25 Jan 2023 11:01:16 +0100},
  biburl       = {https://dblp.org/rec/journals/corr/HeZRS15.bib},
  bibsource    = {dblp computer science bibliography, https://dblp.org}
}

@article{heidari2023deepfake,
  title={Deepfake detection using deep learning methods: A systematic and comprehensive review},
  author={Heidari, Arash and Jafari Navimipour, Nima and Dag, Hasan and Unal, Mehmet},
  journal={Wiley Interdisciplinary Reviews: Data Mining and Knowledge Discovery},
  pages={e1520},
  year={2023},
  publisher={Wiley Online Library}
}